<marc:record>
        <marc:leader>03925cam a2200613 a 4500</marc:leader>
        <marc:controlfield tag="001">194937</marc:controlfield>
        <marc:controlfield tag="005">20141120164616.0</marc:controlfield>
        <marc:controlfield tag="008">851017s1763    enk           00000 eng d</marc:controlfield>
        <marc:datafield ind1=" " ind2=" " tag="035">
            <marc:subfield code="a">(OCoLC)ocm16112416</marc:subfield></marc:datafield>
        <marc:datafield ind1=" " ind2=" " tag="035">
            <marc:subfield code="a">(OCoLC)16112416</marc:subfield>
        </marc:datafield>
        <marc:datafield ind1=" " ind2=" " tag="035">
            <marc:subfield code="a">(CStRLIN)PAUG85-B36899</marc:subfield>
        </marc:datafield>
        <marc:datafield ind1=" " ind2=" " tag="035">
            <marc:subfield code="a">(CaOTULAS)121276004</marc:subfield>
        </marc:datafield>
        <marc:datafield ind1=" " ind2=" " tag="035">
            <marc:subfield code="9">ABB9429</marc:subfield>
        </marc:datafield>
        <marc:datafield ind1=" " ind2=" " tag="035">
            <marc:subfield code="a">194937</marc:subfield>
        </marc:datafield>
        <marc:datafield ind1=" " ind2=" " tag="040">
            <marc:subfield code="a">PU</marc:subfield>
            <marc:subfield code="c">PU</marc:subfield>
        </marc:datafield>
        <marc:datafield ind1=" " ind2=" " tag="090">
            <marc:subfield code="a">PR3291.A1</marc:subfield>
            <marc:subfield code="b">P37 1763</marc:subfield>
            <marc:subfield code="i">10/21/85 CT</marc:subfield>
        </marc:datafield>
        <marc:datafield ind1="0" ind2="4" tag="245">
            <marc:subfield code="a">The peregrinations of Jeremiah Grant, Esq; the West-Indian.</marc:subfield>
        </marc:datafield>
        <marc:datafield ind1="1" ind2="0" tag="246">
            <marc:subfield code="a">The peregrinations of Jeremiah Grant, Esq; The West-Indian.</marc:subfield>
            <marc:subfield code="d">Letter-press</marc:subfield>
            <marc:subfield code="g">Full</marc:subfield>
            <marc:subfield code="x">Work</marc:subfield>
        </marc:datafield>
        <marc:datafield ind1=" " ind2=" " tag="260">
            <marc:subfield code="a">London :</marc:subfield>
            <marc:subfield code="b">Printed for G. Burnet, at Bishop Burnet\'s-head, near Arundel-street, in the Strand.</marc:subfield>
            <marc:subfield code="c">MDCCLXIII</marc:subfield>
            <marc:subfield code="c">1763</marc:subfield>
        </marc:datafield>
        <marc:datafield ind1=" " ind2=" " tag="300">
            <marc:subfield code="a">[8], 327, [1] p. ;</marc:subfield>
            <marc:subfield code="c">18 cm. (12mo)</marc:subfield>
            <marc:subfield code="x">Duodecimo</marc:subfield>
            <marc:subfield code="a">[1 v.]</marc:subfield>
        </marc:datafield>
        <marc:datafield ind1=" " ind2=" " tag="500">
            <marc:subfield code="a">Advertisements: p. [7]-[8] at front.</marc:subfield>
        </marc:datafield>
        <marc:datafield ind1=" " ind2=" " tag="500">
            <marc:subfield code="a">Errata: p. [1] at end.</marc:subfield>
        </marc:datafield>
        <marc:datafield ind1=" " ind2=" " tag="500">
            <marc:subfield code="a">Last leaf of the book is cut into what looks like an envelope flap.</marc:subfield>
        </marc:datafield>
        <marc:datafield ind1=" " ind2=" " tag="500">
            <marc:subfield code="a">Library-related marginalia (call number and Singer-Mendenhall designation) written in pencil on the verso of the penultimate leaf.</marc:subfield>
        </marc:datafield>
        <marc:datafield ind1=" " ind2=" " tag="500">
            <marc:subfield code="a">Bookworm damage going through the entire book.</marc:subfield>
        </marc:datafield>
        <marc:datafield ind1=" " ind2=" " tag="500">
            <marc:subfield code="a">Pencil marking on inside of front board indicates that the book was sold for 25 shillings.</marc:subfield>
        </marc:datafield>
        <marc:datafield ind1=" " ind2=" " tag="500">
            <marc:subfield code="a">Sheet music printed on page 45.</marc:subfield>
        </marc:datafield>
        <marc:datafield ind1=" " ind2=" " tag="505">
            <marc:subfield code="a">A novel set largely in Europe, with incidental references to the West Indies.</marc:subfield>
        </marc:datafield>
        <marc:datafield ind1="4" ind2=" " tag="510">
            <marc:subfield code="a">ESTC (RLIN)</marc:subfield>
            <marc:subfield code="c">N10695</marc:subfield>
        </marc:datafield>
        <marc:datafield ind1="4" ind2=" " tag="510">
            <marc:subfield code="a">Raven, J.  British fiction, 1750-1770,</marc:subfield>
            <marc:subfield code="c">765</marc:subfield>
        </marc:datafield>
        <marc:datafield ind1="4" ind2=" " tag="520">
            <marc:subfield code="a">Dedication</marc:subfield>
            <marc:subfield code="b">To the right honourable William Beckford, Esq; Lord-Mayor of the City of London</marc:subfield>
            <marc:subfield code="c">Front</marc:subfield>
            <marc:subfield code="x">&quot;&quot;My lord, as the professed design of this work is to entertain and instruct, I cannot possibly fix upon a more proper person for a patron than yourself...&quot;&quot;</marc:subfield>
            <marc:subfield code="x">Signed &quot;&quot;The Author&quot;</marc:subfield>
        </marc:datafield>
        <marc:datafield ind1="4" ind2=" " tag="520">
            <marc:subfield code="a">Errata</marc:subfield>
            <marc:subfield code="b">Errata.</marc:subfield>
            <marc:subfield code="c">Back</marc:subfield>
            <marc:subfield code="x">&quot;&quot;The reader, it is hoped, will excuse the many typographical errors in this book, which have been occasioned by the author\'s distance from the press.&quot;</marc:subfield>
        </marc:datafield>
        <marc:datafield ind1="4" ind2=" " tag="520">
            <marc:subfield code="a">Footnotes</marc:subfield>
            <marc:subfield code="c">Middle</marc:subfield>
            <marc:subfield code="x">Footnotes found on pages: 6, 9, 19, 41, 127, 153. </marc:subfield>
            <marc:subfield code="x">Footnotes give information about fruit, customs, opinions.</marc:subfield>
        </marc:datafield>
        <marc:datafield ind1="4" ind2=" " tag="591">
            <marc:subfield code="a">Ac plerique suam ipsi vitam narrare, Fiduciam potius morum, quam arrogantiam arbitrati sunt.</marc:subfield>
            <marc:subfield code="2">Tacitus</marc:subfield>
            <marc:subfield code="b">The Agricola of Tacitus</marc:subfield>
            <marc:subfield code="c">Tacitus</marc:subfield>
            <marc:subfield code="d">To write their lives showed the confidence of integrity rather than arrogance, they observed. </marc:subfield>
            <marc:subfield code="d">Google Translate</marc:subfield>
        </marc:datafield>
        <marc:datafield ind1="4" ind2=" " tag="592">
            <marc:subfield code="a">First-person</marc:subfield>
            <marc:subfield code="b">Letters</marc:subfield>
            <marc:subfield code="c">Sheet music, Song.</marc:subfield>
            <marc:subfield code="c">Poems</marc:subfield>
            <marc:subfield code="x">Latin epitaph written by one of the characters, a translation by another character, epigram, &quot;&quot;Shandean Chapter&quot;&quot;, &quot;&quot;Fieldean Chapter&quot;&quot;, &quot;&quot;Smolletean Chapter&quot;&quot;.&quot;</marc:subfield>
        </marc:datafield>
        <marc:datafield ind1="4" ind2=" " tag="595">
            <marc:subfield code="a">Pencil</marc:subfield>
            <marc:subfield code="b">Numbers</marc:subfield>
            <marc:subfield code="x">Located on verso of front board</marc:subfield>
            <marc:subfield code="x">Transcription: &quot;&quot;I.7.3&quot;</marc:subfield>
        </marc:datafield>
        <marc:datafield ind1="4" ind2=" " tag="595">
            <marc:subfield code="a">Pencil</marc:subfield>
            <marc:subfield code="b">Words and Numbers</marc:subfield>
            <marc:subfield code="x">Located on verso of last leaf.</marc:subfield>
        </marc:datafield>
        <marc:datafield ind1="4" ind2=" " tag="595">
            <marc:subfield code="a">Pencil</marc:subfield>
            <marc:subfield code="b">Reader markings</marc:subfield>
            <marc:subfield code="x">Indecipherable pencil markings on full title page.</marc:subfield>
        </marc:datafield>
        <marc:datafield ind1="4" ind2=" " tag="595">
            <marc:subfield code="a">Ink</marc:subfield>
            <marc:subfield code="b">Words</marc:subfield>
            <marc:subfield code="x">&quot;&quot;RF&quot;&quot; located on page 1.&quot;</marc:subfield>
        </marc:datafield>
        <marc:datafield ind1="4" ind2=" " tag="595">
            <marc:subfield code="a">Ink</marc:subfield>
            <marc:subfield code="b">Reader markings</marc:subfield>
            <marc:subfield code="x">Asterisks on page 66 circled.</marc:subfield>
        </marc:datafield>
        <marc:datafield ind1="4" ind2=" " tag="599">
            <marc:subfield code="a">Author (paratext)</marc:subfield>
            <marc:subfield code="b">Generic/Descriptive</marc:subfield>
            <marc:subfield code="2">The Author.</marc:subfield>
            <marc:subfield code="3">Dedication</marc:subfield>
            <marc:subfield code="6">Male</marc:subfield>
        </marc:datafield>
        <marc:datafield ind1=" " ind2="7" tag="655">
            <marc:subfield code="a">Booksellers\' advertisements</marc:subfield>
            <marc:subfield code="z">England</marc:subfield>
            <marc:subfield code="y">18th century</marc:subfield>
            <marc:subfield code="2">rbgenr</marc:subfield>
        </marc:datafield>
        <marc:datafield ind1=" " ind2="7" tag="656">
            <marc:subfield code="a">Mixed Genre</marc:subfield>
            <marc:subfield code="b">Front</marc:subfield>
            <marc:subfield code="c">Same publisher</marc:subfield>
        </marc:datafield>
        <marc:datafield ind1=" " ind2="4" tag="650">
            <marc:subfield code="a">CHR 1763</marc:subfield>
        </marc:datafield>
        <marc:datafield ind1=" " ind2="4" tag="650">
            <marc:subfield code="a">PRO Mendenhall, John C. (donor)</marc:subfield>
        </marc:datafield>
        <marc:datafield ind1="2" ind2=" " tag="700">
            <marc:subfield code="a">Burnet, George</marc:subfield>
            <marc:subfield code="d">d. 1803</marc:subfield>
            <marc:subfield code="4">Printed for</marc:subfield>
            <marc:subfield code="5">Authorized</marc:subfield>
        </marc:datafield>
        <marc:datafield ind1="2" ind2=" " tag="700">
            <marc:subfield code="a">Beckford, William Esq.</marc:subfield>
            <marc:subfield code="d">1709-1770</marc:subfield>
            <marc:subfield code="4">Dedicatee</marc:subfield>
            <marc:subfield code="5">Authorized</marc:subfield>
        </marc:datafield>
        <marc:datafield ind1="2" ind2=" " tag="700">
            <marc:subfield code="a">Tacitus, Publius Cornelius</marc:subfield>
            <marc:subfield code="d">55-120 C.E.</marc:subfield>
            <marc:subfield code="4">Author (epigraph)</marc:subfield>
            <marc:subfield code="5">Authorized</marc:subfield>
        </marc:datafield>
        <marc:datafield ind1="2" ind2=" " tag="710">
            <marc:subfield code="a">Collection of British and American Fiction, 1660-1830 (University of Pennsylvania)</marc:subfield>
            <marc:subfield code="5">PU</marc:subfield>
        </marc:datafield>
        <marc:datafield ind1="2" ind2=" " tag="710">
            <marc:subfield code="a">Early Novels</marc:subfield>
            <marc:subfield code="5">University of Pennsylvania</marc:subfield>
        </marc:datafield>
        <marc:datafield ind1=" " ind2=" " tag="950">
            <marc:subfield code="l">RBC</marc:subfield>
            <marc:subfield code="e">\\\\Singer-\\Menden-\\hall\\</marc:subfield>
            <marc:subfield code="i">10/21/85 C</marc:subfield>
        </marc:datafield>
        <marc:datafield ind1=" " ind2=" " tag="955">
            <marc:subfield code="l">RBC</marc:subfield>
            <marc:subfield code="c">1</marc:subfield>
            <marc:subfield code="q">50-1088</marc:subfield>
            <marc:subfield code="s">g. John C. Mendenhall</marc:subfield>
            <marc:subfield code="i">10/21/85 C</marc:subfield>
        </marc:datafield>
        <marc:datafield ind1=" " ind2=" " tag="989">
            <marc:subfield code="2">Peregrination</marc:subfield>
            <marc:subfield code="5">Jeremiah Grant, Esq.</marc:subfield>
            <marc:subfield code="2">Esq.</marc:subfield>
            <marc:subfield code="2">Esquire</marc:subfield>
            <marc:subfield code="2">West-Indian</marc:subfield>
        </marc:datafield>
        <marc:datafield ind1=" " ind2=" " tag="999">
            <marc:subfield code="a">MH</marc:subfield>
            <marc:subfield code="b">6/15/15</marc:subfield>
            <marc:subfield code="c">University of Pennsylvania</marc:subfield>
            <marc:subfield code="d">KS</marc:subfield>
        </marc:datafield>
    </marc:record>